@book{ddd_eric_evans,
	Author = {Eric Evans},
	Edition = {3},
	Publisher = {Dog Ear Publishing},
	Title = {Domain Driven Design: Atacando as complexidades no coração do software},
    Year = {2014}
}

@book{gof_patterns,
    Author = {Erich Gamma, Richard Helm, Ralph Johnson and John Vlissides},
    Edition = {1},
    Publisher = {Addison-Wesley Professional},
    Title = {Design Patterns: Elements of Reusable Object-Oriented Software},
    Year = {1994}
}

@article{sonda_project,
    Author = {Fernando Ramos Martins, Ricardo André Guarnieri, Rafael Carvalho Chagas, Sylvio Luis Mantelli Neto, Enio Bueno Pereira, Eliana Andrade and Celso Thomaz},
    Number = {1},
    Publisher = {Congresso Brasileiro de Energia Solar},
    Title = {Projeto Sonda – Rede nacional de estações para coleta de dados meteorológicos aplicados ao setor de energia},
    Year = {2007}
}
