@book{ddd_eric_evans,
	Author = {Eric Evans},
	Edition = {3},
	Publisher = {Dog Ear Publishing},
	Title = {Domain Driven Design: Atacando as complexidades no coração do software},
    Year = {2014}
}

@book{gof_patterns,
    Author = {Erich Gamma and Richard Helm and Ralph Johnson and John Vlissides},
    Edition = {1},
    Publisher = {Addison-Wesley Professional},
    Title = {Design Patterns: Elements of Reusable Object-Oriented Software},
    Year = {1994}
}

@book{sonda_project,
    Author = {Fernando Ramos Martins and Ricardo André Guarnieri and Rafael Carvalho Chagas and Sylvio Luis Mantelli Neto and Enio Bueno Pereira and Eliana Andrade and Celso Thomaz},
    Number = {1},
    Publisher = {Congresso Brasileiro de Energia Solar},
    Title = {Projeto Sonda – Rede nacional de estações para coleta de dados meteorológicos aplicados ao setor de energia},
    Year = {2007}
}

@book{js_async,
    Author = {Alcides Queiroz},
    url = {https://medium.com/@alcidesqueiroz/javascript-ass%C3%ADncrono-callbacks-promises-e-async-functions-9191b8272298},
    Title = {JavaScript assíncrono: callbacks, promises e async functions},
    Year = {2018},
    urlaccessdate={30 out. 2018}
}

@book{maturidade_absolar,
    Author = {Ronaldo Koloszuk and Rodrigo Sauaia},
    url = {http://www.absolar.org.br/noticia/artigos-da-absolar/renovaveis-no-brasil-maturidades-diferentes-para-cada-fonte-exigem-cuidados-especiais.html},
    Title = {Renováveis no Brasil: Maturidades diferentes para cada fonte exigem cuidados especiais},
    Year = {2018},
    urlaccessdate={09 nov. 2018}
}

@book{introduction_functional,
    Author = {Richard Bird and Philip Wadler },
    Edition = {1},
    Title = {Introduction to functional programming},
    Year = {1988}
}

@book{solar_ifsp_btv,
    url = {https://btv.ifsp.edu.br/index.php/component/content/article/17-ultimas-noticias/2372-1-workshop-do-projeto-de-eficiencia-energetica-e-p-d-realizado-entre-o-ifsp-campus-boituva},
    Title = {1º Workshop do projeto de eficiência enérgética e P\&D realizado entre o IFSP Câmpus Boituva},
    Year = {2018},
    Author = {IFSP},
    urlaccessdate={02 nov. 2018}
}

@book{restful_api,
    url = {https://searchmicroservices.techtarget.com/definition/RESTful-API},
    Title = {RESTful API},
    Year = {2016},
    Author = {Margaret Rouse},
    urlaccessdate={02 nov. 2018}
}

@book{what_react,
    url = {https://reactjs.org/tutorial/tutorial.html#what-is-react},
    Title = {What is React},
    Year = {2016},
    Author = {REACT},
    urlaccessdate={02 nov. 2018}
}

@book{clean_architecture,
    Author = {Robert Cecil Martin},
    Edition = {1},
    Publisher = {Prentice Hall},
    Title = {Clean Architecture: A Craftsman's Guide to Software Structure and Design},
    Year = {2017}
}

@book{arduino_about,
    Author = {Arduino},
    url = {https://www.arduino.cc/en/Guide/Introduction},
    Title = {Arduino: Introduction},
    Year = {2018},
    urlaccessdate = {03 nov. 2018}
}

@book{mozilla_javascript,
    url = {https://developer.mozilla.org/pt-BR/docs/Web/JavaScript/A_re-introduction_to_JavaScript},
    Author = {Mozilla},
    Title = {Uma reintrodução ao JavaScript (Tutorial de JS)},
    Year = {2018},
    urlaccessdate = {03 nov. 2018}
}

@book{api_jwt,
    url = {https://imasters.com.br/apis-microsservicos/restful-api-jwt-para-autenticacao},
    Author = {Renato Marinho},
    Title = {RESTFul API – usando JWT para autenticação},
    Year = {2017},
    urlaccessdate = {03 nov. 2018}
}

@book{json_doc,
    url = {https://www.json.org/},
    Author = {Json},
    Title = {ECMA-404 The JSON Data Interchange Standard},
    Year = {2017},
    urlaccessdate = {03 nov. 2018}
}

@book{rfc_jwt,
    url = {https://tools.ietf.org/html/rfc7519},
    Author = {Internet Engineering Task Force},
    Title = {JSON Web Token},
    Year = {2015},
    urlaccessdate = {03 nov. 2018}
}

@book{hmac,
    url = {https://searchsecurity.techtarget.com/definition/Hash-based-Message-Authentication-Code-HMAC},
    Author = {Margaret Rouse},
    Title = {Hash-based Message Authentication Code (HMAC)},
    Year = {2010},
    urlaccessdate = {03 nov. 2018}
}

https://searchsecurity.techtarget.com/definition/Hash-based-Message-Authentication-Code-HMAC

@book{nodejs_about,
    url = {https://nodejs.org/en/about/},
    Author = {NodeJS},
    Title = {About Node.js},
    Year = {2018},
    urlaccessdate = {03 nov. 2018}
}

@book{what_mongodb,
    url = {https://www.mongodb.com/what-is-mongodb},
    Author = {MongoDB},
    Title = {What is MongoDB},
    Year = {2018},
    urlaccessdate = {03 nov. 2018}
}

@book{astah_uml,
    Author = {Davi de Lima},
    journal = {Techtudo},
    url = {https://www.techtudo.com.br/tudo-sobre/astah-commmunity.html},
    Title = {Modele softwares com Astah Community},
    Year = {2016},
    urlaccessdate={03 nov. 2018}
}

@book{tdd_by_example,
    Author = {Kent Beck},
    Edition = {1},
    Publisher = {Yahoo},
    Title = {Test Driven Development By Example},
    Year = {2002}
}

@book{uml_pratica,
    Author = {Gilleanes Thorwald Araujo Guedes},
    Edition = {3},
    Publisher = {novatec},
    Title = {UML 2 - Uma Abordagem Prática},
    Year = {2018}
}

@book{engenharia_software_sommerville,
    Author = {Ian Sommerville},
    Edition = {9},
    Publisher = {Pearson Education},
    Title = {Engenharia de Software},
    Year = {2011}
}

@book{engenharia_software_pressman,
    Author = {Roger Pressman},
    Edition = {7},
    Publisher = {AMGH},
    Title = {Engenharia de Software: Uma Abordagem Profissional},
    Year = {2011}
}

@book{nosql_distilled,
    Author = {Pramod Sadalage and Martin Flower},
    Edition = {1},
    Publisher = {Addison-Wesley Professional},
    Title = {NoSQL Distilled: A Brief Guide to the Emerging World of Polyglot Persistence},
    Year = {2012}
}